%% LaTeX2e file `milestone2.bib'
%% generated by the `filecontents' environment
%% from source `milestone2' on 2020/05/14.
%%
%-------------------------------------------------------------------------------

