%% LaTeX2e file `milestone1.bib'
%% generated by the `filecontents' environment
%% from source `milestone1' on 2020/05/01.
%%
%-------------------------------------------------------------------------------

